@article{Rovelli1993,
  author = {Carlo Rovelli},
  title = {Statistical mechanics of gravity and the thermodynamical origin of time},
  journal = {Classical and Quantum Gravity},
  year = {1993},
  volume = {10},
  number = {8},
  pages = {1549--1566}
}

@book{Rovelli2011,
  author = {Carlo Rovelli},
  title = {Quantum Gravity},
  year = {2004},
  publisher = {Cambridge University Press}
}

@article{Verlinde2011,
  author = {Erik Verlinde},
  title = {On the Origin of Gravity and the Laws of Newton},
  journal = {Journal of High Energy Physics},
  year = {2011},
  volume = {2011},
  number = {4},
  pages = {29}
}

@article{Bombelli1987,
  author = {Luca Bombelli and Joohan Lee and David Meyer and Rafael D. Sorkin},
  title = {Space-Time as a Causal Set},
  journal = {Physical Review Letters},
  year = {1987},
  volume = {59},
  number = {5},
  pages = {521--524}
}

@article{Tenenbaum2000,
  author = {Joshua Tenenbaum and Vin de Silva and John C. Langford},
  title = {A global geometric framework for nonlinear dimensionality reduction},
  journal = {Science},
  year = {2000},
  volume = {290},
  number = {5500},
  pages = {2319--2323}
}

@book{falconer2014fractal,
  title        = {Fractal Geometry: Mathematical Foundations and Applications},
  author       = {Falconer, Kenneth},
  edition      = {3},
  year         = {2014},
  publisher    = {John Wiley \& Sons},
  address      = {Chichester}
}

@article{grassberger1983measuring,
  title        = {Measuring the Strangeness of Strange Attractors},
  author       = {Grassberger, Peter and Procaccia, Itamar},
  journal      = {Physica D: Nonlinear Phenomena},
  volume       = {9},
  number       = {1-2},
  pages        = {189--208},
  year         = {1983},
  publisher    = {Elsevier}
}

@incollection{lovasz1993random,
  title        = {Random Walks on Graphs: A Survey},
  author       = {Lov{\'a}sz, L{\'a}szl{\'o}},
  booktitle    = {Combinatorics, Paul Erd{\H{o}}s is Eighty},
  editor       = {Mikl{\'o}s Deza and Imre Z. Ruzsa and Tam{\'a}s S{\'o}s},
  volume       = {2},
  pages        = {1--46},
  year         = {1996},
  publisher    = {J{\'a}nos Bolyai Mathematical Society},
  address      = {Budapest}
}

@article{Einstein1911,
  author = {Einstein, A.},
  title = {On the Influence of Gravitation on the Propagation of Light},
  journal = {Annalen der Physik},
  year = {1911},
  volume = {35},
  pages = {898--908},
}
