% bibliography.bib â€” add your BibTeX entries here.

@article{shannon1948,
  author  = {Claude E. Shannon},
  title   = {A Mathematical Theory of Communication},
  journal = {Bell System Technical Journal},
  year    = {1948},
  volume  = {27},
  number  = {3, 4},
  pages   = {379--423, 623--656},
  doi     = {10.1002/j.1538-7305.1948.tb01338.x}
}

@book{boltzmann1872,
  author    = {Ludwig Boltzmann},
  title     = {Weitere Studien {\"u}ber das W{\"a}rmegleichgewicht unter Gasmolek{\"u}len},
  publisher = {Sitzungsberichte der Akademie der Wissenschaften},
  year      = {1872},
  note      = {Classic work underlying $S=k_B \ln W$. An English discussion appears in various translations.}
}

@article{connesrovelli1994,
  author  = {Alain Connes and Carlo Rovelli},
  title   = {Von Neumann Algebra Automorphisms and Time-Thermodynamics Relation in General Covariant Quantum Theories},
  journal = {Classical and Quantum Gravity},
  year    = {1994},
  volume  = {11},
  number  = {12},
  pages   = {2899--2918},
  doi     = {10.1088/0264-9381/11/12/007}
}

@article{verlinde2011,
  author  = {Erik Verlinde},
  title   = {On the Origin of Gravity and the Laws of Newton},
  journal = {Journal of High Energy Physics},
  year    = {2011},
  volume  = {2011},
  number  = {4},
  pages   = {29},
  doi     = {10.1007/JHEP04(2011)029}
}

@article{bombelli1987,
  author  = {Luca Bombelli and Joohan Lee and David Meyer and Rafael D. Sorkin},
  title   = {Space-Time as a Causal Set},
  journal = {Physical Review Letters},
  year    = {1987},
  volume  = {59},
  number  = {5},
  pages   = {521--524},
  doi     = {10.1103/PhysRevLett.59.521}
}

@book{penrose2003,
  author    = {Mathew Penrose},
  title     = {Random Geometric Graphs},
  publisher = {Oxford University Press},
  year      = {2003},
  isbn      = {9780198506263}
}

@article{tenenbaum2000,
  author  = {J. B. Tenenbaum and V. de Silva and J. C. Langford},
  title   = {A Global Geometric Framework for Nonlinear Dimensionality Reduction},
  journal = {Science},
  year    = {2000},
  volume  = {290},
  number  = {5500},
  pages   = {2319--2323},
  doi     = {10.1126/science.290.5500.2319}
}

@book{mtw1973,
  author    = {Charles W. Misner and Kip S. Thorne and John Archibald Wheeler},
  title     = {Gravitation},
  publisher = {W. H. Freeman and Company},
  year      = {1973},
  isbn      = {9780716703440}
}

@article{poundrebka1960,
  author  = {R. V. Pound and G. A. Rebka},
  title   = {Apparent Weight of Photons},
  journal = {Physical Review Letters},
  year    = {1960},
  volume  = {4},
  number  = {7},
  pages   = {337--341},
  doi     = {10.1103/PhysRevLett.4.337}
}

@article{vessot1980,
  author  = {Robert F. C. Vessot and Martin W. Levine},
  title   = {A Test of the Equivalence Principle Using a Space-Borne Clock},
  journal = {General Relativity and Gravitation},
  year    = {1980},
  volume  = {10},
  number  = {3},
  pages   = {181--204},
  doi     = {10.1007/BF00759854},
  note    = {Gravity Probe A (1976 flight; results reported 1979/1980)}
}

@article{hafelekeating1972,
  author  = {Joseph C. Hafele and Richard E. Keating},
  title   = {Around-the-World Atomic Clocks: Predicted Relativistic Time Gains},
  journal = {Science},
  year    = {1972},
  volume  = {177},
  number  = {4044},
  pages   = {166--168},
  doi     = {10.1126/science.177.4044.166}
}

@techreport{codata2018,
  author      = {Peter J. Mohr and David B. Newell and Barry N. Taylor},
  title       = {CODATA Recommended Values of the Fundamental Physical Constants: 2018},
  institution = {CODATA},
  year        = {2019},
  doi         = {10.6028/NIST.SP.1247}
}

@book{callen1985,
  author    = {Callen, Herbert B.},
  title     = {Thermodynamics and an Introduction to Thermostatistics},
  edition   = {2},
  publisher = {Wiley},
  address   = {New York},
  year      = {1985},
  isbn      = {978-0471862567}
}

@article{einstein1916,
  author   = {Einstein, Albert},
  title    = {Die Grundlage der allgemeinen Relativit{\"a}tstheorie},
  journal  = {Annalen der Physik},
  volume   = {354},
  number   = {7},
  pages    = {769--822},
  year     = {1916},
  doi      = {10.1002/andp.19163540702},
  language = {German}
}

@article{will2014,
  author  = {Will, Clifford M.},
  title   = {The Confrontation between General Relativity and Experiment},
  journal = {Living Reviews in Relativity},
  year    = {2014},
  volume  = {17},
  number  = {4},
  doi     = {10.12942/lrr-2014-4}
}